@misc{rfc5827,
  author="M. Allman and K. Avrachenkov and U. Ayesta and J. Blanton and P. Hurtig",
  title="{Early Retransmit for TCP and Stream Control Transmission Protocol (SCTP)}",
  series="Request for Comments",
  number="5827",
  howpublished="RFC 5827 (Experimental)",
  publisher="IETF",
  organization="Internet Engineering Task Force",
  year=2010,
  month=may,
    url="http://www.ietf.org/rfc/rfc5827.txt",
}
@misc{ietftlp,
 author="N. Dukkipati and N. Cardwell and Y. Cheng and M. Mathis",
 title="Tail Loss Probe (TLP): An Algorithm for Fast Recovery of Tail Losses",
 series="Internet-Draft",
 howpublished="draft-dukkipati-tcpm-tcp-loss-probe-01.txt",
 publisher="IETF",
 organization="Internet Engineering Task Force",
 year=2013,
 month=feb,
 url="http://tools.ietf.org/id/draft-dukkipati-tcpm-tcp-loss-probe-01.txt", 
}
@misc{rfc6824,
  author="A. Ford and C. Raiciu and M. Handley and O. Bonaventure",
  title="{TCP Extensions for Multipath Operation with Multiple Addresses}",
  series="Request for Comments",
  number="6824",
  howpublished="RFC 6824 (Experimental)",
  publisher="IETF",
  organization="Internet Engineering Task Force",
  year=2013,
  month=jan,
    url="http://www.ietf.org/rfc/rfc6824.txt",
}

